@online{wiki-china,
  author = {Wikipedia},
  title = {Internet censorship in China},
  url = {https://en.wikipedia.org/wiki/Internet_censorship_in_China},
  urldate = {2022-12-09},
  year = {2023}
}

@online{wiki-nk-i,
  author = {Wikipedia},
  title = {Internet in North Korea},
  url = {https://en.wikipedia.org/wiki/Internet_in_North_Korea},
  urldate = {2022-12-09},
  year = {2023}
}

@online{wiki-nk-c,
  author = {Wikipedia},
  title = {Censorship in North Korea},
  url = {https://wikipedia.org/wiki/Censorship_in_North_Korea},
  urldate = {2022-12-09},
  year = {2023}
}

@online{south-korea-cfc,
  author = {The Catalysts for Collaboration},
  title = {South Korea’s Internet Identity Verification System},
  url = {https://catalystsforcollaboration.org/case-study-internet-identity-verification-system/},
  urldate = {2022-12-09},
  year = {2022}
}

@online{china-game-limit,
  author = {VOA news},
  title = {China Limits Children’s Video Game Playing to 3 Hours a Week},
  url = {https://learningenglish.voanews.com/a/china-limits-children-s-video-game-playing-to-3-hours-a-week/6080716.html},
  urldate = {2022-12-09},
  year = {2021}
}